<?xml version="1.0" encoding="UTF-8"?><collection xmlns="http://www.loc.gov/MARC21/slim"><record><leader>00430nam--2200121-i-4500</leader><controlfield tag="001">000014627</controlfield><controlfield tag="002">20161230</controlfield><controlfield tag="005">20161230201030</controlfield><controlfield tag="008">060222s1000------------r-----000-0-eng-d</controlfield><datafield ind1=" " ind2=" " tag="080"><subfield code="a">001.818:621.384.6:061.6</subfield></datafield><datafield ind1=" " ind2=" " tag="245"><subfield code="a">Commissariat  a l`energie atomique departement de physique nucleaire compte rendu d`activite: 1.er octobre 1981 - 30 septembre 1982</subfield></datafield><datafield ind1=" " ind2=" " tag="260"><subfield code="a">Saclay, Centre D`Etudes Nucleaires, 1982 Xxxix + 272 P</subfield></datafield><datafield ind1=" " ind2=" " tag="852"><subfield code="a">13967</subfield></datafield></record></collection>